<?xml version="1.0" encoding="UTF-8"?><collection xmlns="http://www.loc.gov/MARC21/slim"><record><leader>00561nam--2200193-i-4500</leader><controlfield tag="001">000000270</controlfield><controlfield tag="002">20161230</controlfield><controlfield tag="005">20161230201023</controlfield><controlfield tag="008">060222s1000------------r-----000-0-fre-d</controlfield><datafield ind1=" " ind2=" " tag="040"><subfield code="a">IFIN-HH</subfield></datafield><datafield ind1=" " ind2=" " tag="041"><subfield code="a">fre</subfield></datafield><datafield ind1=" " ind2=" " tag="080"><subfield code="a">539.1</subfield></datafield><datafield ind1="1" ind2=" " tag="100"><subfield code="a">Gaudaire, Maurice</subfield></datafield><datafield ind1="1" ind2="0" tag="245"><subfield code="a">Propriete de la matiere</subfield><subfield code="b">Maitrise e.e.a. c1- ondes et matieres</subfield><subfield code="c">Maurice gaudaire</subfield></datafield><datafield ind1=" " ind2=" " tag="260"><subfield code="a">Paris</subfield><subfield code="b">Dunod</subfield><subfield code="c">1969</subfield></datafield><datafield ind1=" " ind2=" " tag="300"><subfield code="a">230P</subfield></datafield><datafield ind1=" " ind2=" " tag="490"><subfield code="a">Dunod Universite Maitrise D'Electronique, D'Electrotechnique Et D'Automatique</subfield></datafield><datafield ind1=" " ind2=" " tag="852"><subfield code="a">35838</subfield><subfield code="c">539</subfield></datafield><datafield ind1=" " ind2=" " tag="CAT"><subfield code="a">Sys</subfield><subfield code="c">20111006</subfield><subfield code="h">151637</subfield></datafield></record></collection>